@book{whittaker2009graphical,
  title={Graphical models in applied multivariate statistics},
  author={Whittaker, Joe},
  year={2009},
  publisher={Wiley Publishing}
}

@book{hojsgaard2012graphical,
  title={Graphical models with R},
  author={H{\o}jsgaard, S{\o}ren and Edwards, David and Lauritzen, Steffen},
  year={2012},
  publisher={Springer Science \& Business Media}
}

@article{cooke2015vine,
  title={Vine Regression},
  author={Cooke, Roger M and Joe, Harry and Chang, Bo},
  journal={Resources for the Future Discussion Paper},
  pages={15--52},
  year={2015}
}

@incollection{elidan2013copulas,
  title={Copulas in machine learning},
  author={Elidan, Gal},
  booktitle={Copulae in mathematical and quantitative finance},
  pages={39--60},
  year={2013},
  publisher={Springer}
}
